% ch5



@Unpublished{merer-private,
  author = 	 {A. J. Merer},
  title = 	 {Some feedback from a "triplet reader"},
  note = 	 {Private communication},
  year = {2008}
}

% deconv



@Article{andrews98,
  author = 	 {A. M. Andrews and G. T. Fraser and B. H. Pate},
  title = 	 "{Molecular-beam infrared – infrared double-resonance
                  spectroscopy study of the vibrational dynamics of
                  the acetylenic C–H stretch of propargyl amine}",
  journal = 	 {J. Chem. Phys.},
  year = 	 1998,
  volume = 	 109,
  number = 	 11,
  pages = 	 4290}

@Article{hudspeth98,
  author = 	 {E. Hudspeth and D. A. McWhorter and B. H. Pate},
  title = 	 "{Intramolecular vibrational energy redistribution in
                  the acetylenic C–H and hydroxyl stretches of
                  propynol}",
  journal = 	 {J. Chem. Phys.},
  year = 	 1998,
  volume = 	 109,
  number = 	 11,
  pages = 	 4316}

@Article{timmermans95,
  author = 	 {J. H. Timmermans and K. K. Lehmann and G. Scoles},
  title = 	 "{The intramolecular dynamics of allene in the region
                  around 6000 \rcm\ via eigenstate resolved IR
                  spectroscopy}",
  journal = 	 {Chem. Phys},
  year = 	 1995,
  volume = 	 190,
  pages = 	 393}

% intro



@Book{woodward71,
  author =	 {R. B. Woodward and R. Hoffman},
  title =	 {The Conservation of Orbital Symmetry},
  publisher =	 {Academic Press},
  year =	 1971
}

@Book{calvert66,
  author =	 {J. G. Calvert and J. N. Pitts},
  title =	 {Photochemistry},
  publisher =	 {Wiley},
  year =	 1966
}

@InBook{freed76,
  author =	 {K. F. Freed},
  title =	 {Radiationless Processes in Molecules and Condensed
                  Phases},
  chapter =	 {2. Energy Dependence of Electronic Relaxation
                  Processes in Polyatomic Molecules},
  publisher =	 {Springer-Verlag},
  year =	 1976,
  pages =	 23
}

@Book{lin80,
  editor =	 {S. H. Lin},
  title =	 {Radiationless Transitions},
  publisher =	 {Academic Press},
  year =	 1980,
}

@Book{mcglynn69,
  author =	 {S. P. McGlynn and T. Azumi and M. Kinoshita},
  title =	 {Molecular Spectrscopy of the Triplet State},
  publisher =	 {Prentice-Hall},
  year =	 1969,
}

@Book{medvedev95,
  author =	 {E. S. Medvedev and V. I. Osherov},
  title =	 {Radiationless transitions in polyatomic molecules},
  publisher =	 {Springer-Verlag},
  year =	 1995,
}

@Article{tanner06,
  author =	 {C. Tanner and M. Thut and A. Steinlin and C. Manca
                  and S. Leutwyler},
  title =	 {Excited-State Hydrogen-Atom Transfer along Solvent
                  Wires: Water Molecules Stop the Transfer},
  journal =	 {J. Phys. Chem. A},
  year =	 2006,
  volume =	 110,
  number =	 1758
}

@PhdThesis{mueller99,
  author =	 {A. Mueller},
  title =	 {Model Nucleobase Pairs: Gas Phase Structures,
                  Energetics and Vibrational Dynamics},
  school =	 {University of Bern},
  year =	 1999
}

@Article{walsh53,
  author =	 {A. D. Walsh},
  title =	 "{The electronic orbitals, shapes, and spectra of
                  polyatomic molecules. Part I. \ce{AH2} molecules}",
  journal =	 {J. Chem. Soc.},
  year =	 1953,
  pages =	 2260
}

@InCollection{lombardi88,
  author =	 {M. Lombardi},
  title =	 {Singlet-triplet coupling in small organic molecules
                  by anticrossing, quantum beat, and magnetic
                  resonance spectroscopy},
  booktitle =	 {Excited States},
  pages =	 163,
  publisher =	 {Academic Press},
  year =	 1988,
  editor =	 {E. C. Lim and K. K. Innes},
  volume =	 7
}

@Unpublished{kanamori07,
  author =	 {H. Kanamori},
  title =	 "{Triplet acetylene at T. I. Tech.}",
  note =	 {Private Communication},
  year =	 2007
}

@Article{cairo22,
  author =	 {G. Cairo and J. Franck},
  title =	 "{\"{U}ber zerlegung von wasserstoffmolek\"{u}len
                  durch angeregte quecksilberatome}",
  journal =	 {Z. Phys.},
  year =	 1922,
  volume =	 11,
  pages =	 161
}

@Article{nikitin65,
  author =	 {E. E. Nikitin},
  title =	 {Nonadiabatic Transitions between Fine-Structure
                  Components of Alkali Atoms upon Collision with
                  Inert-Gas Atoms},
  journal =	 { J. Chem. Phys.},
  year =	 1965,
  volume =	 43,
  pages =	 744
}

@Book{mitchell61,
  author =	 {A. C. G. Mitchell and M. W. Zemansky},
  title =	 {Resonance Radiation and Excited Atoms},
  publisher =	 {Cambridge University},
  year =	 1961,
  address =	 {Cambridge}
}


@Article{ono82,
  author =	 {Y. Ono and E. A. Osuch and C. Y. Ng},
  title =	 {Higher resolution study of acetylene near the
                  threshold},
  journal =	 {J. Chem. Phys.},
  year =	 1982,
  volume =	 76,
  number =	 8,
  pages =	 3905
}


@Article{powers81,
  author =	 {D. E. Powers and J. B. Hopkins and R. E. Smalley},
  title =	 {Vibrational relaxation in jet-cooled phenylalkynes},
  journal =	 {J. Chem. Phys.},
  year =	 1981,
  volume =	 74,
  number =	 11,
  pages =	 5971
}

@Article{hofstein08,
  author =	 {J. Hofstein and H. Xu and T. Sears and P. Johnson},
  title =	 "{Fate of excited states in jet-cooled aromatic
                  molecules: Bifurcating pathways and very long lived
                  species from the $S_1$ excitation of phenylacetylene
                  and benzonitrile}",
  journal =	 {J. Phys. Chem. A},
  year =	 2008,
  volume =	 112,
  number =	 6,
  pages =	 1195
}

@Article{hotop96,
  author =	 {H. Hotop},
  title =	 {Detection of metastable atoms and molecules},
  journal =	 {Exp. Meth. Phys. Sci.},
  year =	 1996,
  volume =	 {29B},
  pages =	 191
}

@Article{morgan96,
  author =	 {C. G. Morgan and M. Drabbels and A. M. Wodtke},
  title =	 {The correlated product state distribution of ketene
                  photodissociation at 308 nm},
  journal =	 {J. Chem. Phys.},
  year =	 1996,
  volume =	 104,
  pages =	 7460
}

@Article{drabbels95,
  author =	 {Marcel Drabbels and C. G. Morgan and A. M. Wodtke},
  title =	 "{The spin-forbidden $a \; ^4\Pi(\nu=13–15)$ and $b
                  \; ^4\Sigma^- (\nu=3) \leftarrow X \; ^2\Pi(\nu=0)$
                  bands of nitric oxide: A new scheme for quantum
                  state-specific high-resolution kinetic energy
                  measurements}",
  journal =	 {J. Chem. Phys.},
  year =	 1995,
  volume =	 103,
  pages =	 7700
}

% Hg + HCCH



@Article{onda96,
  author =	 {K. Onda and K. Yamanouchi},
  title =	 "{Electronic structure of metal-rare gas dimers with
                  $sp$ configuration: Application to strong spin-orbit
                  interaction in HgAr}",
  journal =	 {J. Chem. Phys.},
  year =	 1996,
  volume =	 104,
  number =	 23,
  pages =	 9376
}

@Article{zagrebin95,
  author =	 {A. L. Zagrebin and M. G. Lednev},
  title =	 "{Semiempirical potentials of the excimers formed by
                  metastable Hg($6\; ^3P_{0,2}$) atom and inert-gas
                  atoms}",
  journal =	 {Optika I Spektroskopiya},
  year =	 1995,
  volume =	 78,
  number =	 2,
  pages =	 183
}

@Article{majetich91,
  author =	 {S. Majetich and C. A. Tomczyk and J. R. Wiesenfeld},
  title =	 {Associative ionization and dissociative
                  recombination in mercury vapor},
  journal =	 {J. Appl. Phys.},
  year =	 1991,
  volume =	 69,
  number =	 2,
  pages =	 563
}

@Article{majetich89,
  author =	 {S. Majetich and E. M. Boczar and J. R. Wiesenfeld},
  title =	 {Energy pooling and associative ionization following
                  laser excitation of mercury vapor},
  journal =	 {J. Appl. Phys.},
  year =	 1989,
  volume =	 66,
  number =	 2,
  pages =	 475
}

@Article{senitzky74,
  author =	 {B. Senitzky},
  title =	 {Optical filter using a vapor mirror},
  journal =	 {Appl. Phys. Lett.},
  year =	 1974,
  volume =	 24,
  number =	 2,
  pages =	 68
}

@Article{vanzee89,
  author =	 {R. D. Van Zee and S. C. Blankespoor and T. W. Zwier},
  title =	 "{Spectroscopic studies of the Hg-He and Hg-\ce{Ar2}
                  Van der Waals complexes: The Hg vapor fluorescence
                  filter}",
  journal =	 {Chem. Phys. Lett.},
  year =	 1989,
  volume =	 158,
  number =	 {3,4},
  pages =	 306
}

@Article{obi83,
  author =	 {K. Obi and Y. Matsumi and Y. Takeda and S. Mayama
                  and H. Watanabe and S. Tsuchiya},
  title =	 "{Fluorescence lifetimes and excitation spectra of
                  the jet-cooled HNO radical}",
  journal =	 {Chem. Phys. Lett.},
  year =	 1983,
  volume =	 95,
  number =	 6,
  pages =	 520
}

@Article{mayama84,
  author =	 {S. Mayama and S. Hiraoka and K. Obi},
  title =	 {Laser induced fluorescence of \ce{NH2}($\tilde{A}$
                  $^2A_1$) in the supersonic free jet},
  journal =	 {J. Chem. Phys.},
  year =	 1984,
  volume =	 80,
  number =	 1,
  pages =	 7
}

@Article{amano98,
  author =	 {K. Amano and K. Ohmori and T. Kurosawa and H. Chiba
                  and M. Okunishi and K. Ueda and Y. Sato and
                  A. Z. Devdariani and E. E. Nikitin},
  title =	 "{$c \leftarrow X$ laser excitation spectrum of the
                  \ce{Hg}$-$\ce{Ar} vdW complex}",
  journal =	 {J. Chem. Phys.},
  year =	 1998,
  volume =	 108,
  number =	 19,
  pages =	 8110
}

@Article{menningen00,
  author =	 {K. L. Menningen and J. E. Lawler},
  title =	 {Radiation trapping of the Hg 185 nm resonance line},
  journal =	 {J. Appl. Phys.},
  year =	 2000,
  volume =	 88,
  number =	 6,
  pages =	 3190
}

@Article{ohmori96,
  author =	 {K. Ohmori and T. Takahashi and H. Chiba and K. Saito
                  and T. Nakamura and M. Okunishi and K. Udea and
                  Y. Sato},
  title =	 "{Far-wing excitation study of the reactions in the
                  Hg$-$\ce{H2} collisional quasimolecules.
                  I. Transit-state selectivity in HgH formation and
                  three-body collision}",
  journal =	 {J. Chem. Phys.},
  year =	 1996,
  volume =	 105,
  number =	 17,
  pages =	 7464
}

@Article{duval91,
  author =	 {M. C. Duval and B. Soep and W. H. Breckenridge},
  title =	 "{Bonding in complexes of Hg($6s6s$ $^1S_0$) and
                  Hg($6s6p$ $^3P_1$) with rare-gas atoms and small
                  molecules: From physical to chemical interactions}",
  journal =	 {J. Phys. Chem.},
  year =	 1991,
  volume =	 95,
  pages =	 7145
}

@Article{kurosawa98,
  author =	 {T. Kurosawa and K. Ohmori and H. Chiba and
                  M. Okunishi and K. Ukeda and Y. Sato and
                  A. Z. Devdariani and E. E. Nikitin},
  title =	 "{Collision induced absorption in mercury$-$rare-gas
                  collisions}",
  journal =	 {J. Chem. Phys.},
  year =	 1998,
  volume =	 108,
  number =	 19,
  pages =	 8101
}

@Article{yamanouchi88,
  author =	 {K. Yamanouchi and S. Isogai and S. Tsuchiya and
                  M. C. Duval and C. Jouvet and O. B. d'Azy and
                  B. Soep},
  title =	 {Structure and predissociation of electronically
                  excited \ce{HgN2} complex},
  journal =	 {J. Chem. Phys.},
  year =	 1988,
  volume =	 89,
  number =	 5,
  pages =	 2975
}

@Article{jouvet84,
  author =	 {C. Jouvet and B. Soep},
  title =	 "{Electronic relaxation induced by dissociation of a
                  van der Waals complex: (Hg-\ce{N2})*($^3P_1$)
                  $\rightarrow$ Hg $^3P_0$ + \ce{N2}}",
  journal =	 {J. Chem. Phys.},
  year =	 1984,
  volume =	 80,
  number =	 5,
  pages =	 2229
}

@Article{herd05,
  author =	 {M. T. Herd and J. E. Lawler and K. L. Menningen},
  title =	 "{Radiation trapping of the Hg 254 nm resonance
                  line}",
  journal =	 {J. Appl. Phys. D: Appl. Phys.},
  year =	 2005,
  volume =	 38,
  pages =	 3304
}

@Article{bras93,
  author =	 {N. Bras and J. C. Jeannet and D. Perrin},
  title =	 "{Energy transfer in mercury vapour following laser
                  excitation of the 7$^1S_0$ state by two-photon
                  absorption}",
  journal =	 {J. Phys. B: At. Mol. Opt. Phys.},
  year =	 1993,
  volume =	 26,
  pages =	 2289
}

@Article{horiguchi71,
  author =	 {H. Horiguchi and S. Tsuchiya},
  title =	 {Spectroscopic determination of quenching cross
                  sections of excited mercury atoms ($6^3P_1,6^3P_0$)
                  in molecular collisions},
  journal =	 {Bull. Chem. Soc. Japan},
  year =	 1971,
  volume =	 44,
  pages =	 1213
}

@Article{callear70,
  author =	 {A. B. Callear and G. J. Williams},
  title =	 "{Cross-sections for deactivation of Hg($6^3P_0$)}",
  journal =	 {Trans. Faraday Soc.},
  year =	 1970,
  volume =	 60,
  pages =	 2158
}

@Article{mrozowski45,
  author =	 {S. Mrozowski},
  title =	 "{Forbidden lines $\lambda$2967.5 and $\lambda$2269.8
                  of mercury HgI}",
  journal =	 {Phys. Rev.},
  year =	 1945,
  volume =	 67,
  pages =	 161
}

@Article{wexler80,
  author =	 {B. L. Wexler and B. E. Wilcomb and N. Djeu},
  title =	 "{$6\;^1S_0-6\;^3P_0$ transition in $^{199}$Hg:
                  Determination of the $A$ coefficient and
                  self-pressure broadening}",
  journal =	 {J. Opt. Soc. Am.},
  year =	 1980,
  volume =	 70,
  number =	 7,
  pages =	 863
}

@Article{doidge95,
  author =	 {P. S. Doidge},
  title =	 {A compendium and critical review of neutral atom
                  resonance line oscillator strengths for atomic
                  absorption analysis},
  journal =	 {Spectrochim. Acta},
  year =	 1995,
  volume =	 {50B},
  number =	 3,
  pages =	 209
}

@Article{haberman75,
  author =	 {J. A. Haberman and B. E. Wilcomb and F. J. Van
                  Itallie and R. B. Bernstein},
  title =	 {Formation of supersonic beams of metastable mercury,
                  Hg(6$^3$P$_0$). Kinetics of photoexcitation and
                  intramultiplet quenching in a nozzle},
  journal =	 {J. Chem. Phys.},
  year =	 1975,
  volume =	 62,
  number =	 11,
  pages =	 4466
}

% Xe + N2

@Article{vanveen82,
  author = 	 {N. van Veen and P. Brewer and R. Behrson},
  title = 	 "{Detection of the $a \; ^1\Pi_g$ (v$'$=0, 1)
                  $\leftarrow$ $X\;^1\Sigma_g^+$ (v$''$=0) transition
                  in \ce{N2} by laser-induced fluorescence}",
  journal = 	 {J. Chem. Phys.},
  year = 	 1982,
  volume = 	 77,
  number = 	 9,
  pages = 	 4326}

@Article{marinelli88,
  author = 	 {W. J. Marinelli and B. D. Green and M. A. DeFaccio
                  and W. M. A. Blumberg},
  title = 	 "{Vibrational relaxation and intersystem crossing in
                  \ce{N2}($a\;^1\Pi_g$)}",
  journal = 	 {J. Phys. Chem.},
  year = 	 1988,
  volume = 	 92,
  pages = 	 3429}

@Article{krumpelmann87,
  author =	 {T. Kr\"{u}mpelmann and Ch. Ottinger},
  title =	 "{Vibrationally selective electronic energy transfer
                  from metastable Xe atoms to \ce{N2} and CO
                  molecules}",
  journal =	 {Chem. Phys. Lett.},
  year =	 1987,
  volume =	 140,
  number =	 2,
  pages =	 142
}

@PhdThesis{krumpelmann-thesis,
  author =	 {T. Kr\"{u}mpelmann},
  title =	 {Spektroskopische Untersuchung der
                  Energie\"ubertragung beim Sto\ss{} metastabiler
                  Xe-Atome auf \ce{N2} und CO Molek\"{u}le},
  school =	 {Max-Planck Institute, G\"{o}ttingen},
  year =	 {1987}
}

@Article{aquilanti80a,
  author =	 {V. Aquilanti and G. Grossi},
  title =	 "{Angular momentum coupling schemes in the quantum
                  mechanical treatment of $P$-state atom collisions}",
  journal =	 {J. Chem. Phys.},
  year =	 1980,
  volume =	 73,
  number =	 3,
  pages =	 1165
}

@Article{aquilanti89,
  author =	 {V. Aquilanti and G. Liuti and F. Pirani and
                  F. Vecchiocattivi},
  title =	 {Orientational and spin-orbital dependence of
                  interatomic forces},
  journal =	 {J. Chem. Soc., Faraday Trans. 2},
  year =	 1989,
  volume =	 85,
  number =	 8,
  pages =	 955
}

@Article{aquilanti80b,
  author =	 {V. Aquilanti and P. Casavecchia and G. Grossi and A
                  Lagana},
  title =	 "{Decoupling approximations in the quantum mechanical
                  treatment of $P$-state atom collisions}",
  journal =	 {J. Chem. Phys.},
  year =	 1980,
  volume =	 73,
  number =	 3,
  pages =	 1173
}

@Article{bohle89,
  author =	 {W. B\"{o}hle and H. Geisen and T.  Kr\"{u}mpelmann
                  and Ch. Ottinger},
  title =	 "{Absolute cross sections for the near-resonant
                  electronic energy transfer reactions between
                  metastable \ce{Xe} atoms and \ce{N2} molecules}",
  journal =	 {Chem. Phys.},
  year =	 1989,
  volume =	 133,
  pages =	 313
}

@Article{aquilanti90,
  author =	 {V. Aquilanti and R. Candori and F. Pirani and T.
                  Kr\"{u}mpelmann and Ch. Ottinger},
  title =	 "{On the reaction potentials for the electronic energy
                  transfer reactions Xe($^3$P$_{0,2}$) + \ce{N2}
                  $\rightarrow$ Xe($^1$S$_{0}$) + \ce{N2}($B$
                  $^3\Pi_g$)}",
  journal =	 {Chem. Phys.},
  year =	 1990,
  volume =	 142,
  number =	 47
}

@Article{aardema94,
  author =	 {T. G. Aardema and E. J. van Nignatten and
                  H. C. W. Beijerinck},
  title =	 "{Excitation transfer for \ce{Xe}*($^3P_2$) + \ce{N2}
                  in the eV energy range: double potential crossing
                  for \ce{N2}($B$, $v'=5$)}",
  journal =	 {Chem. Phys.},
  year =	 1994,
  volume =	 184,
  pages =	 273
}


@Article{ottinger98,
  author = 	 {Ch. Ottinger and G. Shen},
  title = 	 "{Molecular beam study of gateway-coupling
                  \ce{N2}($C\; ^3\Pi_u / a' \; ^1\Sigma_u^-$) and
                  chemical quenching of the metastable \ce{N2}($a'$)
                  state}",
  journal = 	 {J. Chem. Phys.},
  year = 	 1998,
  volume = 	 108,
  number = 	 5,
  pages = 	 1997}

@Article{aquilanti94,
  author =	 {V. Aquilanti and R. Candori and F. Pirani and
                  Ch. Ottinger},
  title =	 {On the dynamics of the vibrationally selective
                  electronic energy transfer from metastable xenon
                  atoms to nitrogen molecules},
  journal =	 {Chem. Phys.},
  year =	 1994,
  volume =	 187,
  pages =	 171
}

@Article{umemoto03b,
  author =	 {H. Umemoto},
  title =	 "{Selective production and kinetic analysis of
                  thermally equilibrated \ce{N2}($B$ $^3\Pi_g$, $v=0$)
                  and \ce{N2}($W$ $^3\Delta_u$, $v=0$)}",
  journal =	 {Phys. Chem. Chem. Phys.},
  year =	 2003,
  volume =	 5,
  pages =	 5392
}

@Article{umemoto03a,
  author =	 {H. Umemoto and M. Oku and T. Iwai},
  title =	 "{Collisional intersystem crossing of
                  \ce{N2}($a'\;^1\Sigma_u^-$) to produce triplet-state
                  molecular nitrogen}",
  journal =	 {J. Chem. Phys.},
  year =	 2003,
  volume =	 118,
  number =	 22,
  pages =	 10006
}

@Article{nikitin94,
  author =	 {E. E. Nikitin and R. N. Zare},
  title =	 "{Correlation diagrams for Hund's coupling cases in
                  diatomic molecules with high rotational angular
                  momentum}",
  journal =	 {Mol. Phys.},
  year =	 1994,
  volume =	 82,
  number =	 1,
  pages =	 85
}

@Article{krumpelmann88,
  author =	 {T. Kr\"{u}mpelmann and Ch. Ottinger},
  title =	 "{Spin-orbit state selectivity in Xe* + \ce{N2}, CO
                  electronic energy transfer}",
  journal =	 {J. Chem. Phys.},
  year =	 1988,
  volume =	 88,
  number =	 8,
  pages =	 5245
}

@Article{ottinger95a,
  author =	 {Ch. Ottinger and A. F. Vilesov and D. D. Xu},
  title =	 "{Isotropic study of the intermolecular versus
                  intramolecular energy transfer in the \ce{N2}($W,A$)
                  and \ce{N2}($X$) reactions}",
  journal =	 {J. Chem. Phys.},
  year =	 1995,
  volume =	 102,
  pages =	 1673
}

@Article{morse96,
  author =	 {M. D. Morse},
  title =	 {Supersonic Beam Sources},
  journal =	 {Exper. Meth. Phys. Sci.},
  year =	 1996,
  volume =	 {29B},
  pages =	 21
}

@Article{alekseev96,
  author =	 {V. A. Alekseev and D. W. Setser},
  title =	 "{A pulsed source for Xe($6s[3/2]_1$) and
                  Xe($6s'[1/2]_1$) resonance state atoms using
                  two-photon driven amplified spontaneous emission
                  from the Xe($6p$) and Xe($6p'$) states}",
  journal =	 {J. Chem. Phys.},
  year =	 1996,
  volume =	 105,
  number =	 11,
  pages =	 4613
}

@Article{ottinger95b,
  author =	 {Ch. Ottinger and A. V. Vilesov and D. D. Xu},
  title =	 "{High-resolution study of the luminescent electronic
                  energy transfer reaction of Xe($^3P_{0,2}$) with
                  $^14$\ce{N2} and $^15$\ce{N2}}",
  journal =	 {Chem. Phys.},
  year =	 1995,
  volume =	 192,
  pages =	 49
}












































@Article{allen07,
  author =	 {Allen, B. D. and Benniston, A. C. and Harriman,
                  A. and Llarena, I. and Sams, C. A.},
  title =	 {How the central torsion angle affects the rates of
                  nonradiative decay in some geometrically restricted
                  \emph{p}-quaterphenyls},
  journal =	 {J. Phys. Chem. A},
  year =	 2007,
  volume =	 111,
  number =	 14,
  pages =	 2641
}

@PhdThesis{altunata-thesis,
  author =	 {Altunata, S.},
  title =	 {Intersystem crossing in acetylene: A mechanistic
                  study},
  school =	 {Massachusetts Intitute of Technology},
  year =	 2001
}

@Article{altunata00,
  author =	 {Altunata, S. and Field, R. W.},
  title =	 {A statistical approach for the study of
                  singlet-triplet interactions in small polyatomic
                  molecules},
  journal =	 {J. Chem. Phys.},
  year =	 2000,
  volume =	 113,
  number =	 16,
  pages =	 6640
}

@Article{altunata01,
  author =	 {Altunata, S. and Field, R. W.},
  title =	 "{An assumption-violating application of the
                  Lawrance-Knight deconvolution procedure: A retrieval
                  of electronic coupling mechanisms underlying complex
                  spectra}",
  journal =	 {J. Chem. Phys.},
  year =	 2001,
  volume =	 114,
  pages =	 6557,
}

@Article{altunata02,
  author =	 {Altunata, S. and Cunningham, K. L. and Canagaratna,
                  M. and Thom, R. and Field, R. W.},
  title =	 {The mechanism of surface electron ejection by
                  laser-excited metastable molecules},
  journal =	 {J. Phys. Chem. A},
  year =	 2002,
  volume =	 106,
  number =	 7,
  pages =	 1122
}

@Article{benck89,
  author =	 {E. C. Benck and J. E. Lawler and J. T. Dakin},
  title =	 "{Lifetimes, branching ratios, and absolute
                  transition probabilities in Hg I}",
  journal =	 {J. Opt. Soc. Am. B},
  year =	 1989,
  volume =	 6,
  number =	 1,
  pages =	 11
}

@article{berg76,
  author =	 "Berg, J. O.",
  title =	 "Extraction of vibronic information from tangled
                  spectra",
  year =	 1976,
  journal =	 "Chem. Phys. Lett.",
  volume =	 41,
  pages =	 547,
}

@Article{bigwood95,
  author =	 {Bigwood, R. and Gruebele, M.},
  title =	 {A simple matrix model of intramolecular vibrational
                  redistribution and its implications},
  journal =	 {Chem. Phys. Lett.},
  year =	 1995,
  volume =	 235,
  pages =	 604,
}

@Article{bixon68,
  author =	 {M. Bixon and J. Jortner},
  title =	 {Intramolecular Radiationless Transitions},
  journal =	 {J. Chem. Phys.},
  year =	 1968,
  volume =	 48,
  number =	 2,
  pages =	 715
}

@Article{bonin84,
  author =	 {K. D. Bonin and T. J. McIlrath},
  title =	 {Two-photon elecrtic dipole selection rules},
  journal =	 {J. Opt. Soc. Am. B},
  year =	 1984,
  volume =	 1,
  number =	 1,
  pages =	 52
}

@Article{brand77,
  author =	 "Brand, J. C. D. and Hoy, A. R.",
  title =	 "{A deconvolution of the $\tilde{A}-\tilde{X}$ band
                  system of nitrogen dioxide}",
  year =	 1977,
  journal =	 "J. Mol. Spec.",
  volume =	 65,
  pages =	 75,
}

@Article{brody81,
  author =	 {Brody, T. A. and Flores, J. and French, J. B. and
                  Mello, P. A. and Pandley, A. and Wong, S. S. M.},
  title =	 {Random-matrix physics: Spectrum and strength
                  fluctuations},
  journal =	 {Rev. Mod. Phys.},
  year =	 1981,
  volume =	 53,
  pages =	 385,
}

@Article{brown87,
  author =	 {S. H. Brown and R. H. Crabtree},
  title =	 {A Novel Route to Alkanes, Alcohols, and Ethers by
                  Dehydrodimerization},
  journal =	 {Tet. Lett.},
  year =	 1987,
  volume =	 28,
  number =	 46,
  pages =	 5599
}

@Article{brown88,
  author =	 {S. H. Brown and R. H. Crabtree},
  title =	 {Alkane activation by mercury vapor},
  journal =	 {J. Chem. Ed.},
  year =	 1988,
  volume =	 65,
  number =	 4,
  pages =	 290
}

@Article{brown89,
  author =	 {S. H. Brown and R. H. Crabtree},
  title =	 {Making mercury-photosensitized dehydrodimerization
                  into an organic synthetic method: Vapor pressure
                  selectivity and the behavior of functionalized
                  substrates},
  journal =	 {J. Am. Chem. Soc.},
  year =	 1989,
  volume =	 111,
  pages =	 2935
}

@Book{bunker98,
  author =	 {P. R. Bunker and P. Jensen},
  title =	 {Molecular Symmetry and Spectroscopy},
  publisher =	 {National Research Council of Canada},
  year =	 1998,
  address =	 {Ottawa, Canada},
  edition =	 {Second}
}

@Article{burton72,
  author =	 {Burton, C. S. and Hunziker, H. E.},
  title =	 {Triplet state of acetylene: Biacetyl emission from
                  the mercury photosensitized reaction},
  journal =	 {J. Chem. Phys.},
  year =	 1972,
  volume =	 57,
  number =	 1,
  pages =	 339
}

@article{cable80,
  author =	 "Cable, R. and Rhodes, W.",
  title =	 "Theoretical analysis of spectral structure: Doorway
                  state coupling schemes",
  year =	 1980,
  journal =	 "J. Chem. Phys.",
  volume =	 73,
  pages =	 4736,
}

@Article{campos01,
  author =	 {Campos, A. and Boy\'{e}, S. and Douin, S. and
                  Fellows, C. and Fillion, J. H. and Shafizadeh,
                  N. and Gauyacq, D.},
  title =	 "{The 5s-4d Rydberg states of \ce{C2H2} and \ce{C2D2}
                  studied by resonant multiphoton ionization and
                  synchrotron radiation: structure and stability}",
  journal =	 {J. Phys. Chem. A},
  year =	 2001,
  volume =	 105,
  pages =	 9104
}

@Article{coy87,
  author =	 {Coy, S. L. and Lehmann, K. K.},
  title =	 {Energy-level statistics for a relaxation
                  Hamiltonian},
  journal =	 {Phys. Rev. A},
  year =	 1987,
  volume =	 36,
  pages =	 404,
}

@Article{coy89,
  author =	 {Coy, S. L. and Hernandez, R. and Lehmann, K. K.},
  title =	 "{Limits on the transition to Gaussian Orthogonal
                  Ensemble behavior: Saturated radiationless
                  transitions between strongly coupled potential
                  energy surfaces}",
  journal =	 {Phys. Rev. A},
  year =	 1989,
  volume =	 40,
  pages =	 5935,
}

@Article{crabtree92,
  author =	 {R. H. Crabtree and S. H. Brown and C. A. Muedas and
                  P. Krajnik and R. R. Ferguson},
  title =	 {Recent advances in mercury photosensitized
                  reactions},
  journal =	 {J. Mol. Catal.},
  year =	 1992,
  volume =	 74,
  pages =	 85
}

@Article{cui96,
  author =	 {Cui, Q. and Morokuma, K.},
  title =	 "{Ab initio MO studies on the photodissociation of
                  \ce{C2H2} from the $S_1$ ($^1A_u$)
                  state. I. Non-adiabatic effects and S-T
                  interaction}",
  journal =	 {Chem. Phys. Lett.},
  year =	 1996,
  volume =	 263,
  pages =	 46
}

@Article{cui97,
  author =	 {Cui, Q. and Morokuma, K.},
  title =	 "{Ab initio MO studies on the photodissociation of
                  \ce{C2H2} from the $S_1$ ($^1A_u$)
                  state. II. Mechanism involving triplet states}",
  journal =	 {Chem. Phys. Lett.},
  year =	 1997,
  volume =	 272,
  pages =	 319,
}

@PhdThesis{cunningham-thesis,
  author =	 {Cunningham, K. L.},
  title =	 {The surface ejection of electrons by laser-excited
                  metastables spectroscopy of acetylene},
  school =	 {Massachusetts Intitute of Technology},
  year =	 2000
}

@Article{cvetanovic64,
  author =	 {R. J. Cvetanovi\'{c}},
  title =	 {Mercury photosensitized reactions},
  journal =	 {Prog. React. Kinet.},
  year =	 1964,
  volume =	 2,
  pages =	 39
}

@Article{dallos02,
  author =	 {Dallos, M. and Lischka, H. and Ventura, E. and
                  Hirsch, M. and Quapp, W.},
  title =	 "{Determination of energy minima and saddle points
                  using multireference configuration interaction
                  methods in combination with reduced gradient
                  following: The $S_0$ surface of H$_2$CO and the
                  $T_1$ and $T_2$ surfaces of acetylene}",
  journal =	 {J. Comput. Chem.},
  year =	 2002,
  volume =	 23,
  pages =	 576,
}

@PhdThesis{degroot07,
  author =	 {DeGroot, M.},
  title =	 {High-resolution spectroscopy as a probe for
                  electronic coupling},
  school =	 {University of Amsterdam},
  year =	 2007
}

@Article{delon95,
  author =	 {Delon, A. and Georges, R. and Jost, R.},
  title =	 "{The visible excitation spectrum of jet cooled
                  \ce{NO2}: Statistical analysis of rovibronic
                  interactions}",
  journal =	 {J. Chem. Phys.},
  year =	 1995,
  volume =	 103,
  pages =	 7740,
}

@Article{demoulin75,
  author =	 {Demoulin, D.},
  title =	 {The shapes of some excited states of acetylene},
  journal =	 {Chem. Phys.},
  year =	 1975,
  volume =	 11,
  pages =	 329,
}

@Article{drabbels94,
  author =	 {Drabbels, M. and Heinze, J. and Meerts, W. L.},
  title =	 "{A study of the singlet-triplet perturbations in the
                  \astate\ state of acetylene by high resolution
                  ultraviolet spectroscopy}",
  journal =	 {J. Chem. Phys.},
  year =	 1994,
  volume =	 100,
  pages =	 165,
}

@Article{dupre84,
  author =	 {Dupre, P. and Jost, R. and Lombardi, M.},
  title =	 "{Study of singlet-triplet coupling in glyoxal by
                  level anticrossing spectroscopy.  V. Nature of
                  singlet-triplet interaction}",
  journal =	 {Chem. Phys.},
  year =	 1984,
  volume =	 91,
  pages =	 355
}

@Article{dupre91,
  author =	 {Dupr\'{e}, P. and Jost, R. and Lombardi, M. and
                  Green, P. G. and Abramson, E. and Field, R. W.},
  title =	 {Anomalous behavior of the anticrossing density as a
                  function of excitation energy in the \ce{C2H2}
                  molecule},
  journal =	 {Chem. Phys.},
  year =	 1991,
  volume =	 152,
  pages =	 293
}

@Article{dupre93,
  author =	 {Dupr\'{e}, P. and Green, P. G.},
  title =	 {Characterization of a large singlet-triplet coupling
                  in the $\tilde{A}$ state of the acetylene molecule},
  journal =	 {Chem. Phys. Lett.},
  year =	 1993,
  volume =	 212,
  number =	 6,
  pages =	 555
}

@Article{dupre95a,
  author =	 {Dupr\'{e}, P. and Green, P. G. and Field, R. W.},
  title =	 "{Quantum beat spectroscopic studies of Zeeman
                  anticrossings in the $\tilde{A}$ $^1A_u$ state of
                  the acetylene molecule (\ce{C2H2})}",
  journal =	 {Chem. Phys.},
  year =	 1995,
  volume =	 196,
  pages =	 211
}

@Article{dupre95b,
  author =	 {Dupr\'{e}, P.},
  title =	 "{Study of Zeeman anticrossing spectra of the
                  $\tilde{A}$ $^1A_u$ state of the acetylene molecule
                  (\ce{C2H2}) by Fourier transform: product
                  $\rho_{\text{vib}}\braket{V}$ and the isomerization
                  barrier}",
  journal =	 {Chem. Phys.},
  year =	 1995,
  volume =	 196,
  pages =	 239
}

@Book{field04,
  author =	 {H. Lefebvre-Brion and R. W. Field},
  title =	 {The Spectra and Dynamics of Diatomic Molecules},
  publisher =	 {Elsevier},
  year =	 2004
}

@Article{cabrera81,
  author =	 {J. A. Cabrera and M. Oritz and J. Campos},
  title =	 "{Transition Probabilities of $6s-6p$ lines and
                  lifetimes of $6p$ configuration levels of XeI}",
  journal =	 {Physica},
  year =	 1981,
  volume =	 {104C},
  pages =	 416
}



@TechReport{moore71,
  author =	 {C. E. Moore},
  title =	 {Atomic Energy Levels},
  institution =	 {Nat. Bur. Stand.},
  year =	 1971,
  number =	 {NSRDS-NBS35}
}

@Article{lofthus77,
  author =	 {A. Lofthus and P. H. Krupenie},
  title =	 {The spectrum of molecular nitrogen},
  journal =	 {J. Phys. Chem. Ref. Data},
  year =	 1977,
  volume =	 6,
  number =	 1,
  pages =	 113
}

@Article{saloman04,
  author =	 {E. E. Saloman},
  title =	 "{Energy levels and observed spectral lines of xenon,
                  XeI through XeLIV}",
  journal =	 {J. Phys. Chem. Ref. Data},
  year =	 2004,
  volume =	 33,
  number =	 3,
  pages =	 765
}

@Article{go95,
  author =	 {Go, J. and Perry, D. S.},
  title =	 {Random Matrix Treatment of Intramolecular
                  Vibrational Redistribution. II. Coriolis
                  Interactions in 1-Butyne and Ethanol},
  journal =	 {J. Chem. Phys.},
  year =	 1995,
  volume =	 103,
  pages =	 5194,
}

@Article{gruebele96,
  author =	 {Gruebele, M.},
  title =	 {Intensities and Rates in the Spectral Domain Without
                  Eigenvectors},
  journal =	 {J. Chem. Phys.},
  year =	 1996,
  volume =	 104,
  pages =	 2453,
}

@Article{grynberg77,
  author =	 {G. Grynberg and B. Cagnac},
  title =	 {Doppler-free multiphotonic spectroscopy},
  journal =	 {Rep. Prog. Phys.},
  year =	 1977,
  volume =	 40,
  pages =	 791
}

@Article{hemminger76,
  author =	 {Hemminger, J. C. and Wicke, B. G. and Klemperer, W.},
  title =	 {Delocalization of electronic energy in the lowest
                  triplet states of molecules},
  journal =	 {J. Chem. Phys.},
  year =	 1976,
  volume =	 65,
  number =	 7,
  pages =	 2798
}

@Book{herzberg66,
  author =	 {G. Herzberg},
  title =	 "{Molecular Spectra and Molecular Structure
                  III. Electronic Spectra and Electronic Structure of
                  Polyatomic Molecules}",
  publisher =	 {D. Van Nostrand Company},
  year =	 1966,
  address =	 {Princeton, NJ}
}

@Article{hilborn82,
  author =	 {R. C. Hilborn},
  title =	 {Einstein coefficients, cross sections, $f$ values,
                  dipole moments, and all that},
  journal =	 {Am. J. Phys.},
  year =	 1982,
  volume =	 50,
  pages =	 982,
  note =	 {Revised edition (2002), hosted online at arxiv.org}
}

@Article{hilborn02,
  author =	 {R. C. Hilborn},
  title =	 "{Analysis of an atomic $J=0$ to $J=1$ two-photon
                  transition as a test of the spin-statistics
                  connection for photons}",
  journal =	 {Phys. Rev. A},
  year =	 2002,
  volume =	 65,
  pages =	 032104
}

@Article{hougen64,
  author =	 {J. T. Hougen},
  title =	 {Rotational structure of singlet-triplet transitions
                  in near symmetric tops},
  journal =	 {Can. J. Phys.},
  year =	 1964,
  volume =	 42,
  pages =	 433
}

@Article{howard78,
  author =	 {Howard, W. E. and Schlang, E. W.},
  title =	 {Rotational selection rules for nonradiative
                  processes},
  journal =	 {J. Chem. Phys.},
  year =	 1978,
  volume =	 68,
  number =	 6,
  pages =	 2679
}

@Article{humphrey97,
  author =	 {Humphrey, S. J. and Morgan, C. G. and Wodke
                  A. M. and Cunningham, K. L. and Drucker, S. and
                  Field, R. W.},
  title =	 "{Laser-excited metastable states of acetylene in the
                  5.5-5.7 eV region}",
  journal =	 {J. Chem. Phys.},
  year =	 1997,
  volume =	 107,
  number =	 1,
  pages =	 49
}

@Article{ingold53,
  author =	 {C. K. Ingold and G. W. King},
  title =	 "{Excited states of acetylene. Part I. Possibilities
                  of interaction between $\sigma$-bond hybridisation
                  and $\pi$-electron excitation with resulting changes
                  of shape during transitions}",
  journal =	 {J. Chem. Soc.},
  year =	 1953,
  pages =	 2702
}

@Unpublished{baraban08,
  author =	 {J. Baraban},
  title =	 "{DVR calculation of acetylene $S_1$ wavefunctions}",
  note =	 {Private communication},
  year =	 2008
}

@Article{innes54,
  author =	 {K. K. Innes},
  title =	 {Analysis of the Near Ultraviolet Absorption Spectrum
                  of Acetylene},
  journal =	 {J. Chem. Phys.},
  year =	 1954,
  volume =	 22,
  pages =	 863
}

@Article{jung07,
  author =	 {Jung, C. and Taylor, H. S.},
  title =	 {Assignment and extracting dynamics from
                  experimentally and theoretically obtained
                  spectroscopic Hamiltonians in the complex spectral
                  and classically chaotic regions},
  journal =	 {J. Phys. Chem. A},
  year =	 2007,
  volume =	 111,
  number =	 16,
  pages =	 3047
}

@Article{king52,
  author =	 {G. W. King and C. K. Ingold},
  title =	 {The bent excited state of acetylene},
  journal =	 {Nature},
  year =	 1952,
  volume =	 169,
  pages =	 1101
}

@Article{kommandeur87,
  author =	 {Kommandeur, J. and Majewski, W. A. and Meerts,
                  W. L. and Pratt, D. L.},
  title =	 {Pyrazine: An "exact" solution to the problem of
                  radiationless transitions},
  journal =	 {Ann. Rev. Phys. Chem.},
  year =	 1987,
  volume =	 38,
  pages =	 433
}

@article{lawrance85,
  author =	 "Lawrance, W. D. and Knight, A. E. W.",
  title =	 "Direct Deconvolution of Extensively Perturbed
                  Spectra: The Singlet-Triplet Molecular Eigenstate
                  Spectrum of Pyrazine",
  year =	 1985,
  journal =	 "J. Phys. Chem.",
  volume =	 89,
  pages =	 917,
}

@Article{lehmann85,
  author =	 {Lehmann, K. K. and Coy, S. L.},
  title =	 {Microwave-Detected, Microwave Optical Double
                  Resonance Spectra of NO$_2$: A Test of Hardwick's
                  Ergodicity Conjecture},
  journal =	 {J. Chem. Phys.},
  year =	 1985,
  volume =	 83,
  pages =	 3290,
}

@Article{lehmann87,
  author =	 {Lehmann, K. K. and Coy, S. L.},
  title =	 {The Gaussian Orthogonal Ensemble with Missing and
                  Spurious Levels: A Model for Experimental
                  Level-Spacing Distributions},
  journal =	 {J. Chem. Phys.},
  year =	 1987,
  volume =	 87,
  pages =	 5415,
}

@Article{lehmann91,
  author =	 {Lehmann, K. K.},
  title =	 {Comment on Direct Deconvolution of Extensively
                  Perturbed Spectra: The Singlet-Triplet Molecular
                  Eigenstate Spectrum of Pyrazine},
  journal =	 {J. Phys. Chem.},
  year =	 1991,
  volume =	 95,
  pages =	 7556,
}

@Article{leroy44,
  author =	 {D. J. Le Roy and E. W. R. Steacie},
  title =	 {The mercury-sensitized polymerization of acetylene},
  journal =	 {J. Chem. Phys.},
  year =	 1944,
  volume =	 12,
  number =	 4,
  pages =	 117
}

@Article{lischka86,
  author =	 {Lischka, H. and Karpfen, A.},
  title =	 "{Ab initio calculations on the excited states of
                  $\pi$-systems. I. Valence excitations in acetylene}",
  journal =	 {Chem. Phys.},
  year =	 1986,
  volume =	 102,
  pages =	 77,
}

@Article{lisy80,
  author =	 {Lisy, J. M. and Klemperer, W.},
  title =	 {Electric deflection studies of metastable acetylene},
  journal =	 {J. Chem. Phys.},
  year =	 1980,
  volume =	 72,
  number =	 7,
  pages =	 3880
}

@Article{loffler98,
  author =	 {P. L\"{o}ffler and E. Wrede and L. Schnieder and
                  J. B. Halpern and W. M. Jackson and K. H. Welge},
  title =	 "{Dissociation dynamics of acetylene Rydberg states
                  as a function of excited state lifetime}",
  journal =	 {J. Chem. Phys.},
  year =	 1998,
  volume =	 109,
  number =	 13,
  pages =	 5231
}

@Article{lundberg93,
  author =	 {Lundberg, J. K. and Field, R. W. and Sherrill
                  C. D. and Seidl, E. T. and Xie, Y. and Schaefer III,
                  H. F.},
  title =	 {Acetylene: Synergy between theory and experiment },
  journal =	 {J. Chem. Phys.},
  year =	 1993,
  volume =	 98,
  number =	 11,
  pages =	 8384
}

@Article{malsch01,
  author =	 {Malsch, K. and Hohlneicher, G. and Schork, R. and
                  Köppel, H.},
  title =	 {A quantum dynamical treatment of the vibronic
                  structure of singlet and triplet spectra of
                  acetylene},
  journal =	 {Phys. Chem. Chem. Phys.},
  year =	 2001,
  volume =	 3,
  pages =	 5393,
}

% electron impact

@Article{dressler87,
  author =	 {R. Dressler and M. Allan},
  title =	 {A dissociative electron attachment, electron
                  transmission, and electron energy-loss study of the
                  temporary negative ion of acetylene},
  journal =	 {J. Chem. Phys.},
  year =	 1987,
  volume =	 87,
  pages =	 4510
}

@Article{malsch98,
  author =	 {Malsch, K. and Rebentisch, R. and Swiderek, P. and
                  Hohlneicher, G.},
  title =	 "{Excited states of acetylene: a CASPT2 study}",
  journal =	 {Theor. Chem. Acc.},
  year =	 1998,
  volume =	 100,
  pages =	 171
}

@Article{merer03,
  author =	 {A. J. Merer and N. Yamakita and S. Tsuchiya and
                  J. F. Stanton and Z. Duan and R. W. Field},
  title =	 "{New vibrational assignments in the \AtoX\
                  electronic transition of acetylene, \ce{C2H2}: the
                  $\nu'_1$ frequency}",
  journal =	 {Mol. Phys.},
  year =	 2003,
  volume =	 101,
  number =	 {4-5},
  pages =	 663
}

@Article{merer08,
  author =	 {A. J. Merer and N. Yamakita and S. Tsuchiya and
                  A. H. Steeves and H. A. Bechtel and R. W. Field},
  title =	 "{Darling-Dennison resonance and Coriolis coupling in
                  the bending overtones of the \astate\ state of
                  acetylene, \ce{C2H2}}",
  journal =	 {J. Chem. Phys.},
  volume =	 129,
  pages =	 054304,
  year =	 2008
}

@Article{mishra01,
  author =	 {A. P. Mishra and T. K. Balasubramanian},
  title =	 "{Radiative lifetimes of the first excited
                  $^3P_{2,0}^\circ$ metastable levels in Kr I, Xe I,
                  Yb I and Hg-like atoms}",
  journal =	 {J. Quant. Spec. Rad. Trans.},
  year =	 2001,
  volume =	 69,
  pages =	 769
}

@Article{mishra04,
  author =	 {Mishra, A. P. and Thom, R. L. and Field, R. W.},
  title =	 "{New $S_1$ State Vibrational and $T_{3,2,1}$
                  Spin-Rotational Assignments in the Vicinity of the
                  Acetylene $\tilde{A} ^1A_u - \tilde{X} ^1\Sigma_g^+
                  \; V^3_0K^1_0$ Band}",
  journal =	 {J. Mol. Spec.},
  year =	 2004,
  volume =	 228,
  pages =	 565,
}

@Article{mizoguchi00,
  author =	 {M. Mizoguchi and N. Yamakita and S. Tsuchiya and
                  A. Iwasaki and K. Hoshina and K. Yamanouchi},
  title =	 "{IR-UV double resonance spectroscopy of acetylene in
                  the \astate\ $n\nu_3'+\nu_4'$ and $n\nu_3'+\nu_6'$
                  ($n=2,3$) \emph{ungerade} vibrational states}",
  journal =	 {J. Phys. Chem. A},
  year =	 2000,
  volume =	 104,
  number =	 45,
  pages =	 10212
}

@Article{mordaunt98,
  author =	 {D. H. Mordaunt and M. N. R. Ashfold and R. N. Dixon
                  and P. L\"{o}ffler and L. Schnieder and K. H. Welge},
  title =	 {Near threshold photodissociation of acetylene},
  journal =	 {J. Chem. Phys.},
  year =	 1998,
  volume =	 108,
  number =	 2,
  pages =	 519
}

@Article{ochi87,
  author =	 {Ochi, N. and Tsuchiya, S.},
  title =	 {Quantum beat spectroscopy of Zeeman splitting and
                  level anticrossing of rotationally selected
                  acetylene (\astate\ $3\nu_3$) under weak magnetic
                  fields},
  journal =	 {Chem. Phys. Lett.},
  year =	 1987,
  volume =	 140,
  number =	 1,
  pages =	 20
}

@Article{ochi91,
  author =	 {Ochi, N. and Tsuchiya, S.},
  title =	 "{Rovibronic level structure of electronically
                  excited acetylene (\astate) in a supersonic jet by
                  laser-induced fluorescence and Zeeman quantum beat
                  spectroscopy.}",
  journal =	 {Chem. Phys.},
  year =	 1991,
  volume =	 152,
  pages =	 319,
}

@Article{papenbrock07,
  author =	 {Papenbrock, T. and Weidenmuller, H. A.},
  title =	 {Colloquium: Ranom Matricies and Chaos in Nuclear
                  Spectra},
  journal =	 {Rev. Mod. Phys.},
  year =	 2007,
  volume =	 79,
  pages =	 997,
}

@Article{pate91,
  author =	 {Pate, B. H. and Lehmann, K. K. and Scoles, G.},
  title =	 {The Onset of Intramolecular Vibrational Energy
                  Redistribution and Its Intermediate Case: The
                  $\nu_1$ and $\nu_2$ Molecular Beam, Optothermal
                  Spectra of Trifluoropropyne},
  journal =	 {J. Chem. Phys.},
  year =	 1991,
  volume =	 95,
  pages =	 3891,
}

@Article{pate98,
  author =	 {Pate, B. H.},
  title =	 {The Rotational Spectrum of a Highly Vibrationally
                  Mixed Quantum State. I. Intramolecular Vibrational
                  Energy Redistribution (IVR) Exchange Narrowing of
                  the Rotational Spectrum},
  journal =	 {J. Chem. Phys.},
  year =	 1998,
  volume =	 109,
  pages =	 4396,
}

@Article{perry93,
  author =	 {Perry, D. S.},
  title =	 {Random Matrix Treatment of Intramolecular
                  Vibrational Redistribution. I. Methodology and
                  Anharmonic Interactions in Butyne},
  journal =	 {J. Chem. Phys.},
  year =	 1993,
  volume =	 98,
  pages =	 6665,
}

@Article{phillips74,
  author =	 {L. F. Phillips},
  title =	 {Mercury photosensitized luminescence},
  journal =	 {Acc. Chem. Res.},
  year =	 1974,
  volume =	 7,
  pages =	 135
}

@Article{price92,
  author =	 {Price, J. M. and Ludviksson, A. and Nooney, M. and
                  Xu, M. and Martin R. M. and Wodtke, A. M.},
  title =	 {Time-of-flight measurements of single rovibrational
                  states of carbon monoxide},
  journal =	 {J. Chem. Phys.},
  year =	 1992,
  volume =	 96,
  number =	 3,
  pages =	 1854
}

@Article{remacle93,
  author =	 {Remacle, F. and Levine, R. D.},
  title =	 {Maximal Entropy Spectral Fluctuations and the
                  Sampling of Phase Space},
  journal =	 {J. Chem. Phys.},
  year =	 1993,
  volume =	 99,
  pages =	 2383,
}

@Article{robinson67,
  author =	 {Robinson, G. W.},
  title =	 {Intersystem Crossing in Gaseous Molecules},
  journal =	 {J. Chem. Phys.},
  year =	 1967,
  volume =	 47,
  pages =	 1967
}

@Article{schmid95,
  author =	 {Schmid, G. and Coy, S. L. and Field, R. W. and
                  Silbey, R. J.},
  title =	 {How Robust Are Molecular Properties? A Stability
                  Criterion for Eigenstates},
  journal =	 {J. Chem. Phys.},
  year =	 1995,
  volume =	 102,
  pages =	 337,
}

@Article{sharp64,
  author =	 {T. E. Sharp and H. M. Rosenstock},
  title =	 "{Franck-Condon factors for polyatomic molecules}",
  journal =	 {J. Chem. Phys.},
  year =	 1964,
  volume =	 41,
  pages =	 3453
}

@Article{sherrill96,
  author =	 {Sherrill, C. D. and Vacek, G. and Yamaguchi, Y. and
                  Schaefer III, H. F. and Stanton, J. F. and Gauss,
                  J.},
  title =	 "{The \astate\ state and the $T_2$ potential surface
                  of acetylene: Implications for triplet perturbations
                  in the fluorescence spectra of the
                  $\tilde{\text{A}}$ state}",
  journal =	 {J. Chem. Phys.},
  year =	 1996,
  volume =	 104,
  number =	 21,
  pages =	 8507
}

@Article{shi98,
  author =	 {Shi, Y. and Suzuki T.},
  title =	 "{Formation of metastable triplet acetylene from the
                  $\tilde{A}$($^1A_u$) state near the dissociation
                  threshold}",
  journal =	 {J. Phys. Chem. A},
  year =	 1998,
  volume =	 102,
  pages =	 7414
}

@Article{shida58,
  author =	 {S. Shida and Z. Kuri and T. Furuoya },
  title =	 {Mercury Sensitized polymerization of acetylene},
  journal =	 {J. Chem. Phys.},
  year =	 1958,
  volume =	 28,
  number =	 1,
  pages =	 131
}

@Article{smalley75,
  author =	 {Smalley, R. E. and Wharton, L. and Levy, D. H.},
  title =	 {The Fluorescence Excitation Spectrum ofRotationally
                  Cooled NO$_2$},
  journal =	 {J. Chem. Phys.},
  year =	 1975,
  volume =	 63,
  pages =	 4977,
}

@Article{sneh86,
  author =	 {O. Sneh and O. Cheshnovsky},
  title =	 {Surface ejection of electrons by laser-excited
                  metastables of anthracene derivatives},
  journal =	 {Chem. Phys. Lett.},
  year =	 1986,
  volume =	 130,
  pages =	 53
}

@Article{sneh88,
  author =	 {O. Sneh and O. Cheshnovsky},
  title =	 {Triplet selectivity in surface ejection of electrons
                  by laser-excited metastables of aniline},
  journal =	 {Chem. Phys. Lett.},
  year =	 1988,
  volume =	 146,
  pages =	 216
}

@Article{sneh89a,
  author =	 {O. Sneh and A. Amirav and O. Cheshnovsky},
  title =	 {The branching of nonradiative processes in
                  isoquiniline},
  journal =	 {J. Chem. Phys.},
  year =	 1989,
  volume =	 91,
  number =	 6,
  pages =	 3532
}

@article{sneh89b,
  author =	 {O. Sneh and D. D\"{u}nn-Kittenplon and O.
                  Cheshnovsky},
  title =	 {The decay of triplet pyrazine in supersonic jets},
  year =	 1989,
  journal =	 {The Journal of Chemical Physics},
  volume =	 91,
  number =	 12,
  pages =	 7331,
}

@Article{sneh91,
  author =	 {Sneh, O. and Cheshnovsky, O. J.},
  title =	 {Dynamics of triplet states in beam-isolated
                  benzaldehyde},
  journal =	 {J. Phys. Chem.},
  year =	 1991,
  volume =	 95,
  number =	 19,
  pages =	 7154
}

@Article{steeves08,
  author =	 {A. H. Steeves and A. J. Merer and H. A. Bechtel and
                  A. R. Beck and R. W. Field},
  title =	 "{Direct observation of the symmetric stretching
                  modes of \astate\ acetylene by pulsed supersonic jet
                  laser induced fluorescence}",
  journal =	 {submitted, Mol. Phys.},
  year =	 2008
}

@Article{stephenson84,
  author =	 {J. C. Stephenson and J. A. Blazy and D. S. King},
  title =	 {Spectroscopy and collisional quenching rates of
                  $\tilde{A}$ \ce{C2H2} ($\nu_3'=0,1,2$)},
  journal =	 {Chem. Phys.},
  year =	 1984,
  volume =	 85,
  number =	 1,
  pages =	 31,
}

@Article{stevens73,
  author =	 {Stevens, C. G. and Brand, J. C. D.},
  title =	 {Angular momentum dependence of first- and
                  second-order singlet-triplet interactions in
                  polyatomic molecules},
  journal =	 {J. Chem. Phys.},
  year =	 1973,
  volume =	 58,
  number =	 8,
  pages =	 3324
}

@Article{strausz70,
  author =	 {O. P. Strausz and R. J. Norstrom and D. Salahub and
                  R. K. Gosavi and H. E. Gunning and I. G. Csizmadia},
  title =	 "{Mercury $6(^3P_1)$ photosensitization of mono- and
                  difluoroethylenes.  Correlation of mechanism with
                  calculated molecular orbital energy levels}",
  journal =	 {J. Am. Chem. Soc.},
  year =	 1970,
  volume =	 92,
  number =	 22,
  pages =	 6395
}

@Article{stuchebrukhov93a,
  author =	 {A. A. Stuchebrukhov and R. A. Marcus},
  title =	 "{Theoretical study of intramolecular vibrational
                  relaxation of acetylenic \ce{CH} vibration for
                  $\text{v}=1$ and $2$ in large polyatomic molecules
                  \ce{(CX3)3YCCH}, where X=H or D and Y=C or Si}",
  journal =	 {J. Chem. Phys.},
  year =	 1993,
  volume =	 98,
  pages =	 6044
}

@Article{stuchebrukhov93b,
  author =	 {A. A. Stuchebrukhov and A. Mehta and R. A. Marcus},
  title =	 "{Vibrational superexchange mechanism of
                  intramolecular vibrational relaxation in
                  \ce{(CH3)3CCCH} molecules}",
  journal =	 {J. Phys. Chem.},
  year =	 1993,
  volume =	 97,
  pages =	 12491
}

@Article{swiderek97,
  author =	 {Swiderek, P. and Michaud, M. and Sanche, L.},
  title =	 {Condensed phase electron-energy-loss spectroscopy of
                  the low-lying triplet states of acetylene},
  journal =	 {J. Chem. Phys.},
  year =	 1997,
  volume =	 106,
  number =	 23,
  pages =	 9403
}

@PhdThesis{thom-thesis,
  author =	 {Thom, R. L.},
  title =	 {Spectroscopic Investigations of Intersystem Crossing
                  and Triplet State Structure in Acetylene},
  school =	 {Massachusetts Intitute of Technology},
  year =	 2006
}

@Article{thom07,
  author =	 {Thom, R. L. and Wong, B. M. and Field, R. W. and
                  Stanton, J. F.},
  title =	 {Studies of intersystem crossing in acetylene},
  journal =	 {J. Chem. Phys.},
  year =	 2007,
  volume =	 126,
  pages =	 184307
}

@Book{tramer05,
  author =	 {Tramer, A. and Jungen, Ch. and Lahmani F.},
  title =	 {Energy Dissipation in Molecular Systems},
  publisher =	 {Springer},
  year =	 2005,
  address =	 {New York}
}

@Article{utz93,
  author =	 {Utz, A. L. and Tobiason, J. D. and Carrasquillo,
                  E. and Sanders, L. J. and Crim, F. F.},
  title =	 "{The direct observation, assignment, and partial
                  deperturbation of the $\nu_4$ and $\nu_6$
                  vibrational fundamentals in $\tilde{\text{A}} \:
                  ^1\!A_u$ acetylene}",
  journal =	 {J. Chem. Phys.},
  year =	 1993,
  volume =	 98,
  number =	 4,
  pages =	 2742
}

@Article{vacek96,
  author =	 {Vacek, G. and Sherrill, C. D. and Yamaguchi, Y. and
                  Schaefer III, H. F.},
  title =	 "{The anamolous behavior of the Zeeman anticrossing
                  spectra of \astate\ acetylene: Theoretical
                  considerations}",
  journal =	 {J. Chem. Phys.},
  year =	 1996,
  volume =	 104,
  number =	 5,
  pages =	 1774
}

@Article{ventura03,
  author =	 {Ventura, E. and Dallos, M. and Lischka, H.},
  title =	 "{The valence-excited states $T_1-T_4$ and $S_1-S_2$
                  of acetylene: A high-level MR-CISD and MR-AQCC
                  investigation of stationary points, potential energy
                  surfaces, and surface crossings}",
  journal =	 {J. Chem. Phys.},
  year =	 2003,
  volume =	 118,
  pages =	 1702,
}

@Article{virgo07,
  author =	 {W. L. Virgo and K. L. Bittinger and A. H. Steeves
                  and R. W. Field},
  title =	 "{Contrasting singlet-triplet dynamical behavior of
                  two vibrational levels of the acetylene $S_1$
                  $2^13^1B^2$ polyad}",
  journal =	 {J. Phys. Chem. A},
  year =	 2007,
  volume =	 111,
  number =	 49,
  pages =	 12534
}

@Article{watson82,
  author =	 {Watson, J. K. G. and Herman, M. and Van Craen,
                  J. C. and Colin, R.},
  title =	 "{The $\tilde{A}-\tilde{X}$ band system of
                  acetylene}",
  journal =	 {J. Mol. Spec.},
  year =	 1982,
  volume =	 95,
  pages =	 101
}

@Article{wendt79,
  author =	 {Wendt, H. R. and Hippler, H. and Hunziker, H. E.},
  title =	 {Triplet acetylene: Near infrared electronic
                  absorption spectrum of the \emph{cis} isomer, and
                  formation from methylene},
  journal =	 {J. Chem. Phys.},
  year =	 1979,
  volume =	 70,
  number =	 9,
  pages =	 4044
}

@Article{wetmore78,
  author =	 {Wetmore, R. and Schafer, H. F.},
  title =	 {Triplet electronic states of acetylene: cis and
                  trans structures and energies},
  journal =	 {J. Chem. Phys.},
  year =	 1978,
  volume =	 69,
  pages =	 1648,
}

@Article{white05,
  author =	 {J. D. White and J. Chen and D. Matsiev and
                  D. J. Auerbach and A. M. Wodtke},
  title =	 {Conversion of large-amplitude vibration to electron
                  excitation at a metal surface},
  journal =	 {Nature},
  year =	 2005,
  volume =	 433,
  pages =	 503
}

@PhdThesis{wong07,
  author =	 {B. M. Wong},
  title =	 "{Quantum Chemistry for Spectroscopy -- A Tale of
                  Three Spins ($S = 0$, $\frac{1}{2}$, and 1)}",
  school =	 {Massachusetts Institute of Technology},
  year =	 2007
}

@Article{yamaguchi93,
  author =	 {Yamaguchi, Y. and Vacek, G. and Schafer, H. F.},
  title =	 "{Low-lying triplet electronic states of acetylene:
                  \emph{cis} $^3B_2$ and $^3A_2$, \emph{trans} $^3B_u$
                  and $^3A_u$}",
  journal =	 {Theor. Chem. Acta.},
  year =	 1993,
  volume =	 86,
  pages =	 97,
}

@Article{yamakita01,
  author =	 {Yamakita, N. and Tsuchiya, S.},
  title =	 {Zeeman quantum beat observed by IR-UV double
                  resonance LIF spectroscopy of acetylene in the
                  $\tilde{a}$ $^1A_u$ $3\nu_3' + \nu_6'$ and $3\nu_3'
                  + \nu_4'$ \emph{ungerade} vibrational states},
  journal =	 {Chem. Phys. Lett.},
  year =	 2001,
  volume =	 348,
  pages =	 53
}

@Article{yamakita03,
  author =	 {N. Yamakita and S. Iwamoto and S. Tsuchiya},
  title =	 "{Predissociation of excited acetylene in the
                  \astate\ state around the adiabatic dissociation
                  threshold as studied by LIF and H-atom action
                  spectroscopy}",
  journal =	 {J. Phys. Chem. A},
  year =	 2003,
  volume =	 107,
  number =	 15,
  pages =	 2597
}

@article{ziv76,
  author =	 "Ziv, A. R. and Rhodes, W.",
  title =	 "The Spectroscopic Channel Basis for Radiative and
                  Radiationless Processes: The Effective System
                  Excited States and Interference Effects in
                  Absorption Spectra",
  year =	 1976,
  journal =	 "J. Chem. Phys.",
  volume =	 65,
  pages =	 4895,
}
