@Article{demoulin75,
  author = 	 {Demoulin D.},
  title = 	 {The shapes of some excited states of acetylene},
  journal = 	 {Chem. Phys.},
  year = 	 {1975},
  volume = 	 {11},
  pages = 	 {329},
}

@Article{wetmore78,
  author = 	 {Wetmore R. and Schafer H. F.},
  title = 	 {Triplet electronic states of acetylene: cis and
                  trans structures and energies},
  journal = 	 {J. Chem. Phys.},
  year = 	 {1978},
  volume = 	 {69},
  pages = 	 {1648},
}

@Article{,
  author = 	 {Yamaguchi Y. and Vacek G. and Schafer H. F.},
  title = 	 {Low-lying triplet electronic states of acetylene:
                  cis $^3B_2$ and $^3A_2$, trans $^3B_u$ and $^3A_u$},
  journal = 	 {Theor. Chem. Acta.},
  year = 	 {1993},
  volume = 	 {86},
  pages = 	 {97},
}

@Article{ventura03,
  author = 	 {Ventura E. and Dallos M. and Lischka H.},
  title = 	 {The valence-excited states $T_1-T_4$ and $S_1-S_2$
                  of acetylene: A high-level MR-CISD and MR-AQCC
                  investigation of stationary points, potential energy
                  surfaces, and surface crossings},
  journal = 	 {J. Chem. Phys.},
  year = 	 {2003},
  volume = 	 {118},
  pages = 	 {1702},
}

@Article{lischka86,
  author = 	 {Lischka H. and Karpfen A.},
  title = 	 {Ab initio calculations on the excited states of
                  $\pi$-systems. I. Valence excitations in acetylene},
  journal = 	 {Chem. Phys.},
  year = 	 {1986},
  volume = 	 {102},
  pages = 	 {77},
}

@Article{malsch01,
  author = 	 {Malsch K. and Hohlneicher G. and Schork R. and Köppel H.},
  title = 	 {A quantum dynamical treatment of the vibronic
                  structure of singlet and triplet spectra of
                  acetylene},
  journal = 	 {Phys. Chem. Chem. Phys.},
  year = 	 {2001},
  volume = 	 {3},
  pages = 	 {5393},
}

@Article{,
  author = 	 {Dallos M. and Lischka H. and Ventura E. and Hirsch
                  M. and Quapp W.},
  title = 	 {Determination of energy minima and saddle points
                  using multireference configuration interaction
                  methods in combination with reduced gradient
                  following: The $S_0$ surface of H$_2$CO and the
                  $T_1$ and $T_2$ surfaces of acetylene},
  journal = 	 {J. Comput. Chem.},
  year = 	 {2002},
  volume = 	 {23},
  pages = 	 {576},
}

