/home/kyle/Desktop/graduation - writing/master.bib