@Article{altunata01,
  author =	 {Altunata, S. and Field, R. W.},
  title =	 {An Assumption-Violating Application of the
                  Lawranceâ€“Knight Deconvolution Procedure: A Retrieval
                  of Electronic Coupling Mechanisms Underlying Complex
                  Spectra},
  journal =	 {J. Chem. Phys.},
  year =	 2001,
  volume =	 114,
  pages =	 6557,
}

@article{berg76,
  author =	 "Berg, J. O.",
  title =	 "Extraction of Vibronic Information from Tangled
                  Spectra",
  year =	 1976,
  journal =	 "Chem. Phys. Lett.",
  volume =	 41,
  pages =	 547,
}

@Article{bigwood95,
  author =	 {Bigwood, R. and Gruebele, M.},
  title =	 {A Simple Matrix Model of Intramolecular Vibrational
                  Redistribution and Its Implications},
  journal =	 {Chem. Phys. Lett.},
  year =	 1995,
  volume =	 235,
  pages =	 604,
}

@Article{brand77,
  author =	 "Brand, J. C. D. and Hoy, A. R.",
  title =	 "A deconvolution of the $\tilde{A}-\tilde{X}$ band
                  system of Nitrogen Dioxide.",
  year =	 1977,
  journal =	 "J. Mol. Spec.",
  volume =	 65,
  pages =	 75,
}

@Article{brody81,
  author =	 {Brody, T. A. and Flores, J. and French, J. B. and
                  Mello, P. A. and Pandley, A. and Wong, S. S. M.},
  title =	 {Random-Matrix Physics: Spectrum and Strength
                  Fluctuations},
  journal =	 {Rev. Mod. Phys.},
  year =	 1981,
  volume =	 53,
  pages =	 385,
}

@article{cable80,
  author =	 "Cable, R. and Rhodes, W.",
  title =	 "Theoretical Analysis of Spectral Structure: Doorway
                  State Coupling Schemes",
  year =	 1980,
  journal =	 "J. Chem. Phys.",
  volume =	 73,
  pages =	 4736,
}

@Article{coy87,
  author =	 {Coy, S. L. and Lehmann, K. K.},
  title =	 {Energy-level Statistics for a Relaxation
                  Hamiltonian},
  journal =	 {Phys. Rev. A},
  year =	 1987,
  volume =	 36,
  pages =	 404,
}

@Article{coy89,
  author =	 {Coy, S. L. and Hernandez, R. and Lehmann, K. K.},
  title =	 {Limits on the Transition to Gaussian Orthogonal
                  Ensemble Behavior: Saturated Radiationless
                  Transitions Between Strongly Coupled Potential
                  Energy Surfaces},
  journal =	 {Phys. Rev. A},
  year =	 1989,
  volume =	 40,
  pages =	 5935,
}

@Article{delon95,
  author =	 {Delon, A. and Georges, R. and Jost, R.},
  title =	 {The Visible Excitation Spectrum of Jet Cooled
                  \ce{NO2}: Statistical Analysis of Rovibronic
                  Interactions},
  journal =	 {J. Chem. Phys.},
  year =	 1995,
  volume =	 103,
  pages =	 7740,
}

@Article{drabbels94,
  author =	 {Drabbels, M. and Heinze, J. and Meerts, W. L.},
  title =	 {A study of the Singlet-Triplet Perturbations in the
                  $\tilde{A}$ $^1A_u$ State of Acetylene by High
                  Resolution Ultraviolet Spectroscopy},
  journal =	 {J. Chem. Phys.},
  year =	 1994,
  volume =	 100,
  pages =	 165,
}

@Article{go95,
  author =	 {Go, J. and Perry, D. S.},
  title =	 {Random Matrix Treatment of Intramolecular
                  Vibrational Redistribution. II. Coriolis
                  Interactions in 1-Butyne and Ethanol},
  journal =	 {J. Chem. Phys.},
  year =	 1995,
  volume =	 103,
  pages =	 5194,
}

@Article{gruebele96,
  author =	 {Gruebele, M.},
  title =	 {Intensities and Rates in the Spectral Domain Without
                  Eigenvectors},
  journal =	 {J. Chem. Phys.},
  year =	 1996,
  volume =	 104,
  pages =	 2453,
}

@article{lawrance85,
  author =	 "Lawrance, W. D. and Knight, A. E. W.",
  title =	 "Direct Deconvolution of Extensively Perturbed
                  Spectra: The Singlet-Triplet Molecular Eigenstate
                  Spectrum of Pyrazine",
  year =	 1985,
  journal =	 "J. Phys. Chem.",
  volume =	 89,
  pages =	 917,
}

@Article{lehmann85,
  author =	 {Lehmann, K. K. and Coy, S. L.},
  title =	 {Microwave-Detected, Microwave Optical Double
                  Resonance Spectra of NO$_2$: A Test of Hardwick's
                  Ergodicity Conjecture},
  journal =	 {J. Chem. Phys.},
  year =	 1985,
  volume =	 83,
  pages =	 3290,
}

@Article{lehmann87,
  author =	 {Lehmann, K. K. and Coy, S. L.},
  title =	 {The Gaussian Orthogonal Ensemble with Missing and
                  Spurious Levels: A Model for Experimental
                  Level-Spacing Distributions},
  journal =	 {J. Chem. Phys.},
  year =	 1987,
  volume =	 87,
  pages =	 5415,
}

@Article{lehmann91,
  author =	 {Lehmann, K. K.},
  title =	 {Comment on Direct Deconvolution of Extensively
                  Perturbed Spectra: The Singlet-Triplet Molecular
                  Eigenstate Spectrum of Pyrazine},
  journal =	 {J. Phys. Chem.},
  year =	 1991,
  volume =	 95,
  pages =	 7556,
}

@Article{mishra04,
  author =	 {Mishra, A. P. and Thom, R. L. and Field, R. W.},
  title =	 {New $S_1$ State Vibrational and $T_{3,2,1}$
                  Spin-Rotational Assignments in the Vicinity of the
                  Acetylene $\tilde{A} ^1A_u - \tilde{X} ^1\Sigma_g^+
                  \; V^3_0K^1_0$ Band},
  journal =	 {J. Mol. Spec.},
  year =	 2004,
  volume =	 228,
  pages =	 565,
}

@Article{papenbrock07,
  author =	 {Papenbrock, T. and Weidenmuller H. A.},
  title =	 {Colloquium: Ranom Matricies and Chaos in Nuclear
                  Spectra},
  journal =	 {Rev. Mod. Phys.},
  year =	 2007,
  volume =	 79,
  pages =	 997,
}

@Article{pate91,
  author =	 {Pate, B. H. and Lehmann, K. K. and Scoles, G.},
  title =	 {The Onset of Intramolecular Vibrational Energy
                  Redistribution and Its Intermediate Case: The
                  $\nu_1$ and $\nu_2$ Molecular Beam, Optothermal
                  Spectra of Trifluoropropyne},
  journal =	 {J. Chem. Phys.},
  year =	 1991,
  volume =	 95,
  pages =	 3891,
}

@Article{pate98,
  author =	 {Pate, B. H.},
  title =	 {The Rotational Spectrum of a Highly Vibrationally
                  Mixed Quantum State. I. Intramolecular Vibrational
                  Energy Redistribution (IVR) Exchange Narrowing of
                  the Rotational Spectrum},
  journal =	 {J. Chem. Phys.},
  year =	 1998,
  volume =	 109,
  pages =	 4396,
}

@Article{perry93,
  author =	 {Perry, D. S.},
  title =	 {Random Matrix Treatment of Intramolecular
                  Vibrational Redistribution. I. Methodology and
                  Anharmonic Interactions in Butyne},
  journal =	 {J. Chem. Phys.},
  year =	 1993,
  volume =	 98,
  pages =	 6665,
}

@Article{remacle93,
  author =	 {Remacle F. and Levine R. D.},
  title =	 {Maximal Entropy Spectral Fluctuations and the
                  Sampling of Phase Space},
  journal =	 {J. Chem. Phys.},
  year =	 1993,
  volume =	 99,
  pages =	 2383,
}

@Article{schmid95,
  author =	 {Schmid, G. and Coy, S. L. and Field, R. W. and
                  Silbey, R. J.},
  title =	 {How Robust Are Molecular Properties? A Stability
                  Criterion for Eigenstates},
  journal =	 {J. Chem. Phys.},
  year =	 1995,
  volume =	 102,
  pages =	 337,
}

@Article{smalley75,
  author =	 {Smalley, R. E. and Wharton, L. and Levy, D. H.},
  title =	 {The Fluorescence Excitation Spectrum ofRotationally
                  Cooled NO$_2$},
  journal =	 {J. Chem. Phys.},
  year =	 1975,
  volume =	 63,
  pages =	 4977,
}

@Book{tramer05,
  author =	 {Tramer, A. and Jungen, Ch. and Lahmani, F.},
  title =	 {Energy Dissipation in Molecular Systems},
  publisher =	 {Springer},
  year =	 2005,
}

@article{ziv76,
  author =	 "Ziv, A. R. and Rhodes, W.",
  title =	 "The Spectroscopic Channel Basis for Radiative and
                  Radiationless Processes: The Effective System
                  Excited States and Interference Effects in
                  Absorption Spectra",
  year =	 1976,
  journal =	 "J. Chem. Phys.",
  volume =	 65,
  pages =	 4895,
}
